@article{Khaneja2005,
  doi = {10.1016/j.jmr.2004.11.004},
  url = {https://doi.org/10.1016/j.jmr.2004.11.004},
  year  = {2005},
  month = {feb},
  publisher = {Elsevier {BV}},
  volume = {172},
  number = {2},
  pages = {296--305},
  author = {Navin Khaneja and Timo Reiss and Cindie Kehlet and Thomas Schulte-Herbr\"{u}ggen and Steffen J. Glaser},
  title = {Optimal control of coupled spin dynamics: design of {NMR} pulse sequences by gradient ascent algorithms},
  journal = {Journal of Magnetic Resonance}
}